@article{Cutumisu200732,
	title = "ScriptEase: A generative/adaptive programming paradigm for game scripting ",
	journal = "Science of Computer Programming ",
	volume = "67",
	number = "1",
	pages = "32 - 58",
	year = "2007",
	note = "Special Issue on Aspects of Game Programming ",
	issn = "0167-6423",
	doi = "http://dx.doi.org/10.1016/j.scico.2007.01.005",
	url = "http://www.sciencedirect.com/science/article/pii/S0167642307000536",
	author = "Maria Cutumisu and Curtis Onuczko and Matthew McNaughton and Thomas Roy and Jonathan Schaeffer and Allan Schumacher and Jeff Siegel and Duane Szafron and Kevin Waugh and Mike Carbonaro and Harvey Duff and Stephanie Gillis",
	keywords = "Generative pattern",
	keywords = "Computer game",
	keywords = "Scripting language",
	keywords = "Adaptive programming",
	keywords = "Game scripting",
	keywords = "Game authoring",
	keywords = "Game agent"
}

@ARTICLE{1705424, 
	author={M. Cutumisu and D. Szafron and J. Schaeffer and M. McNaughton and T. Roy and C. Onuczko and M. Carbonaro}, 
	journal={IEEE Intelligent Systems}, 
	title={Generating Ambient Behaviors in Computer Role-Playing Games}, 
	year={2006}, 
	volume={21}, 
	number={5}, 
	pages={19-27}, 
	keywords={artificial intelligence;authoring languages;computer animation;computer games;entertainment;humanities;interactive systems;user interfaces;NPC ambient behaviors;ScriptEase tool;artificial intelligence;computer role-playing games;custom scripts;game development cycle;game stories;high-level menu-driven programming model;nonplayer characters;Artificial intelligence;Collaborative work;Computer graphics;Engines;Intelligent systems;Power generation;Programming profession;Robustness;World Wide Web;Writing;ambient behavior;collaborative behavior;computer games;generative pattern;intelligent agents;nonplayer character;scripting language}, 
	doi={10.1109/MIS.2006.92}, 
	ISSN={1541-1672}, 
	month={Sept},
}

article{Zielke:2009:SGI:1669282.1669290,
	author = {Zielke, Marjorie A. and Evans, Monica J. and Dufour, Frank and Christopher, Timothy V. and Donahue, Jumanne K. and Johnson, Phillip and Jennings, Erin B. and Friedman, Brent S. and Ounekeo, Phonesury L. and Flores, Ricardo},
	title = {Serious Games for Immersive Cultural Training: Creating a Living World},
	journal = {IEEE Comput. Graph. Appl.},
	issue_date = {March/April 2009},
	volume = {29},
	number = {2},
	month = mar,
	year = {2009},
	issn = {0272-1716},
	pages = {49--60},
	numpages = {12},
	url = {http://dx.doi.org/10.1109/MCG.2009.30},
	doi = {10.1109/MCG.2009.30},
	acmid = {1669290},
	publisher = {IEEE Computer Society Press},
	address = {Los Alamitos, CA, USA},
} 

Inbook{Prakash2015,
	author="Prakash, Edmond C.
	and Rao, Madhusudan",
	chapter="Gamification in Informal Education Environments: A Case Study",
	title="Transforming Learning and IT Management through Gamification",
	year="2015",
	publisher="Springer International Publishing",
	address="Cham",
	pages="73--97",
	isbn="978-3-319-18699-3",
	doi="10.1007/978-3-319-18699-3_5",
	url="http://dx.doi.org/10.1007/978-3-319-18699-3_5"
}

@Inbook{Bauer2015,
	author="Bauer, Jens and Ebert, Achim",
	editor="Brunnett, Guido and Coquillart, Sabine and van Liere, Robert and Welch, Gregory and V{\'a}{\v{s}}a, Libor",
	chapter="Mobile Devices for Virtual Reality Interaction. A Survey of Techniques and Metaphors",
	title="Virtual Realities: International Dagstuhl Seminar, Dagstuhl Castle, Germany, June 9-14, 2013, Revised Selected Papers",
	year="2015",
	publisher="Springer International Publishing",
	address="Cham",
	pages="91--107",
	isbn="978-3-319-17043-5",
	doi="10.1007/978-3-319-17043-5_6",
	url="http://dx.doi.org/10.1007/978-3-319-17043-5_6"
}

@INPROCEEDINGS{7131757, 
	author={A. Martini and L. Colizzi and F. Chionna and F. Argese and M. Bellone and P. Cirillo and V. Palmieri}, 
	booktitle={3D User Interfaces (3DUI), 2015 IEEE Symposium on}, 
	title={A novel 3D user interface for the immersive design review}, 
	year={2015}, 
	pages={175-176}, 
	keywords={CAD;data visualisation;hardware-software codesign;user interfaces;3D UI;3D user interface;CAD engines;CAD functionalities;cost-effective pointing devices;data type visualization;hardware/software platform;immersive design review process simplification;immersive multiview visualization system;immersive reality technologies;immersive user interface;smart 3D disk;stereoscopic multiview visualization system;virtual environment;virtual objects;virtual world;widgets;Navigation;Visualization}, 
	doi={10.1109/3DUI.2015.7131757}, 
	month={March},
}

@inproceedings{Mine:2003:TVR:769953.769955,
	author = {Mine, Mark},
	title = {Towards Virtual Reality for the Masses: 10 Years of Research at Disney's VR Studio},
	booktitle = {Proceedings of the Workshop on Virtual Environments 2003},
	series = {EGVE '03},
	year = {2003},
	isbn = {1-58113-686-2},
	location = {Zurich, Switzerland},
	pages = {11--17},
	numpages = {7},
	url = {http://doi.acm.org/10.1145/769953.769955},
	doi = {10.1145/769953.769955},
	acmid = {769955},
	publisher = {ACM},
	address = {New York, NY, USA},
	keywords = {interaction techniques, location-based entertainment, storytelling, virtual reality},
} 

@inproceedings{Pausch:1996:DAF:237170.237257,
	author = {Pausch, Randy and Snoddy, Jon and Taylor, Robert and Watson, Scott and Haseltine, Eric},
	title = {Disney's Aladdin: First Steps Toward Storytelling in Virtual Reality},
	booktitle = {Proceedings of the 23rd Annual Conference on Computer Graphics and Interactive Techniques},
	series = {SIGGRAPH '96},
	year = {1996},
	isbn = {0-89791-746-4},
	pages = {193--203},
	numpages = {11},
	url = {http://doi.acm.org/10.1145/237170.237257},
	doi = {10.1145/237170.237257},
	acmid = {237257},
	publisher = {ACM},
	address = {New York, NY, USA},
}

@inproceedings{beckhaus2005intuitive,
  title={Intuitive, hands-free travel interfaces for virtual environments},
  author={Beckhaus, Steffi and Blom, Kristopher J and Haringer, Matthias},
  booktitle={New Directions in 3D User Interfaces Workshop of IEEE VR},
  pages={57--60},
  year={2005}
}

@article{PANE2001237,
	title = "Studying the language and structure in non-programmers' solutions to programming problems ",
	journal = "International Journal of Human-Computer Studies ",
	volume = "54",
	number = "2",
	pages = "237 - 264",
	year = "2001",
	note = "",
	issn = "1071-5819",
	doi = "http://dx.doi.org/10.1006/ijhc.2000.0410",
	url = "http://www.sciencedirect.com/science/article/pii/S1071581900904105",
	author = "JOHN F. PANE and CHOTIRAT “ANN” RATANAMAHATANA and BRAD A. MYERS"
}

